@article{einstein,
    author =       "Albert Einstein",
    title =        "title",
    journal =      "Annalen der Physik",
    volume =       "322",
    number =       "10",
    pages =        "891--921",
    year =         "1905",
    DOI =          "http://dx.doi.org/10.1002/andp.19053221004"
}
 
@book{latexcompanion,
    author    = "Michel-Goossens-and-Frank-Mittelbach-and-Alexander-Samarin",
    title     = "The \LaTeX\ Companion",
    year      = "1993",
    publisher = "Addison-Wesley",
    address   = "Reading, Massachusetts"
}
 
@misc{knuthwebsite,
    author    = "Donald~Knuth",
    title     = "Knuth:~Computers~and~Typesetting",
    url       = "http://www-cs-faculty.stanford.edu/\~{}uno/abcde.html",
    year      = "2000"
}

@misc{website:fermentas-lambda,
      author = "Fermentas Inc.",
      title = "Phage Lambda: description \& restriction map",
      month = "November",
      year = "2008",
      url = "http://www.fermentas.com/techinfo/nucleicacids/maplambda.htm"
},
